<?xml version="1.0" encoding="UTF-8" ?>
<collection xmlns:xsi="http://www.w3.org/2001/XMLSchema-instance"
    xsi:schemaLocation="http://www.loc.gov/MARC21/slim
        http://www.loc.gov/standards/marcxml/schema/MARC21slim.xsd"
    xmlns="http://www.loc.gov/MARC21/slim">
<record>
  <leader>00267cam a2200517 i 4500</leader>
  <controlfield tag="001">b12491962</controlfield>
  <controlfield tag="003">LeBAU</controlfield>
  <controlfield tag="005">20200128</controlfield>
  <controlfield tag="008">970626s1926    ua            ||0 0 ara d</controlfield>
  <datafield tag="035" ind1=" " ind2=" ">
    <subfield code="a">ocn784354122</subfield>
  </datafield>
  <datafield tag="040" ind1=" " ind2=" ">
    <subfield code="a">LEAUB</subfield>
    <subfield code="b">ara</subfield>
    <subfield code="e">rda</subfield>
    <subfield code="c">LEAUB</subfield>
    <subfield code="d">LEAUB</subfield>
  </datafield>
  <datafield tag="082" ind1="0" ind2="4">
    <subfield code="a">492.75</subfield>
    <subfield code="2">23</subfield>
  </datafield>
  <datafield tag="100" ind1="1" ind2=" ">
    <subfield code="6">880-01</subfield>
    <subfield code="a">Khuḍarī, Muḥammad,</subfield>
    <subfield code="d">1798-1870 or 1871.</subfield>
    <subfield code="e">author.</subfield>
    <subfield code="0">https://lccn.loc.gov/n83056201 ,</subfield>
  </datafield>
  <datafield tag="245" ind1="1" ind2="0">
    <subfield code="6">880-02</subfield>
    <subfield code="a">Ḥāshiyat al-ʻālim al-ʻallāmah al-ḥabr al-fahhāmah man huwa bi-kull waṣf jamīl ḥarī mawlānā al-ustādh al-fāḍil al-Shaykh Muḥammad al-Khuḍarī :</subfield>
    <subfield code="b">ʻalá sharḥ al-muḥaqqiq al-jalīl al-ʻallāmah al-humām Ibn ʻAqīl ʻalá Alfīyat ibn Mālik. Wa-bi-al-hāmish Sharḥ ibn ʻAqīl al-madhkūr.</subfield>
  </datafield>
  <datafield tag="246" ind1="1" ind2=" ">
    <subfield code="6">880-03</subfield>
    <subfield code="a">Ḥāshiyat al-Shaykh Muḥammad al-Khuḍarī ʻalá sharḥ al-muḥaqqiq ibn ʻAqīl li-Alfīyat ibn Mālik. Wa-bi-al-hāmish Sharḥ Ibn ʻAqīl al-madhkūr</subfield>
  </datafield>
  <datafield tag="250" ind1=" " ind2=" ">
    <subfield code="6">880-04</subfield>
    <subfield code="a">al-Ṭabʻah al-sādisah.</subfield>
  </datafield>
  <datafield tag="264" ind1=" " ind2="1">
    <subfield code="6">880-05</subfield>
    <subfield code="a">Miṣr :</subfield>
    <subfield code="b">al-Maṭbaʻah al-Azharīyah,</subfield>
    <subfield code="c">1345 H. = 1926 M.</subfield>
  </datafield>
  <datafield tag="300" ind1=" " ind2=" ">
    <subfield code="6">880-06</subfield>
    <subfield code="a">1 volume ;</subfield>
    <subfield code="c">27 cm</subfield>
  </datafield>
  <datafield tag="336" ind1=" " ind2=" ">
    <subfield code="a">text</subfield>
    <subfield code="b">txt</subfield>
    <subfield code="2">rdacontent</subfield>
  </datafield>
  <datafield tag="337" ind1=" " ind2=" ">
    <subfield code="a">unmediated</subfield>
    <subfield code="b">n</subfield>
    <subfield code="2">rdamedia</subfield>
  </datafield>
  <datafield tag="338" ind1=" " ind2=" ">
    <subfield code="a">volume</subfield>
    <subfield code="b">nc</subfield>
    <subfield code="2">rdacarrier</subfield>
  </datafield>
  <datafield tag="500" ind1=" " ind2=" ">
    <subfield code="a">العنوان أخذ من الصفحة الثانية.</subfield>
  </datafield>
  <datafield tag="500" ind1=" " ind2=" ">
    <subfield code="a">2 جزء ببليوغرافي في 1 جزء مادي.</subfield>
  </datafield>
  <datafield tag="600" ind1="1" ind2="4">
    <subfield code="a">ابن مالك، محمد بن عبد الله،</subfield>
    <subfield code="d">-1274.</subfield>
    <subfield code="t">الألفية في النحو.</subfield>
  </datafield>
  <datafield tag="600" ind1="1" ind2="4">
    <subfield code="a">ابن عقيل، عبد الله بن عبد الرحمن،</subfield>
    <subfield code="d">1294؟-1367.</subfield>
    <subfield code="t">شرح بن عقيل على ألفية إبن مالك.</subfield>
  </datafield>
  <datafield tag="600" ind1="1" ind2="0">
    <subfield code="a">Ibn Mālik, Muḥammad ibn ʻAbd Allāh,</subfield>
    <subfield code="d">-1274.</subfield>
    <subfield code="t">Alfīyah.</subfield>
  </datafield>
  <datafield tag="600" ind1="1" ind2="0">
    <subfield code="a">Ibn ʻAqīl, ʻAbd Allāh ibn ʻAbd al-Raḥmān,</subfield>
    <subfield code="d">1294?-1367.</subfield>
    <subfield code="t">Sharḥ Ibn ʻAqīl ʻalá Alfīyat Ibn Mālik.</subfield>
  </datafield>
  <datafield tag="650" ind1=" " ind2="4">
    <subfield code="a">اللغة العربية</subfield>
    <subfield code="x">قواعد.</subfield>
  </datafield>
  <datafield tag="650" ind1=" " ind2="0">
    <subfield code="a">Arabic language</subfield>
    <subfield code="x">Grammar.</subfield>
  </datafield>
  <datafield tag="700" ind1="1" ind2="2">
    <subfield code="6">880-07</subfield>
    <subfield code="a">Ibn ʻAqīl, ʻAbd Allāh ibn ʻAbd al-Raḥmān,</subfield>
    <subfield code="d">1294?-1367.</subfield>
    <subfield code="t">Sharḥ Ibn ʻAqīl ʻalá Alfīyat Ibn Mālik.</subfield>
    <subfield code="0">https://lccn.loc.gov/n83056193</subfield>
  </datafield>
  <datafield tag="700" ind1="1" ind2="2">
    <subfield code="6">880-08</subfield>
    <subfield code="a">Ibn Mālik, Muḥammad ibn ʻAbd Allāh,</subfield>
    <subfield code="d">-1274.</subfield>
    <subfield code="t">Alfīyah.</subfield>
    <subfield code="0">https://lccn.loc.gov/n83056203</subfield>
  </datafield>
  <datafield tag="775" ind1="0" ind2="8">
    <subfield code="6">880-09</subfield>
    <subfield code="i">has designation of edition</subfield>
    <subfield code="4">http://rdaregistry.info/Elements/m/P30133 :</subfield>
    <subfield code="a">Khuḍarī, Muḥammad, 1798-1870 or 1871.</subfield>
    <subfield code="t">Ḥāshiyat al-ʻālim al-ʻallāmah al-ḥabr al-fahhāmah man huwa bi-kull waṣf jamīl ḥarī mawlānā al-ustādh al-fāḍil al-Shaykh Muḥammad al-Khuḍarī afāḍa Allāh ʻalayhi saḥāʼib raḥamātih wa-aʻāda ʻalaynā wa-ʻalá al-Muslimīn min ṣāliḥ daʻawātih ʻalá sharḥ al-muḥaqqiq al-jalīl al-ʻallāmah al-humām Ibn ʻAqīl ʻalá Alfīyat ibn Mālik. Wa-bi-al-hāmish Sharḥ Ibn ʻAqīl al-madhkūr.</subfield>
    <subfield code="d">Miṣr : al-Mabaṭah alʻ-Maymanyah, 1305 H. = 1887 M.</subfield>
    <subfield code="w">(LEAUB)b23465669</subfield>
  </datafield>
  <datafield tag="852" ind1=" " ind2=" ">
    <subfield code="a">Jafet Library</subfield>
    <subfield code="e">American University of Beirut, Bliss Street , Beirut, Lebanon.</subfield>
  </datafield>
  <datafield tag="880" ind1="1" ind2=" ">
    <subfield code="6">100-01/(3/r</subfield>
    <subfield code="a">الخضري، محمد،</subfield>
    <subfield code="d">1798-1870 او 1871،</subfield>
    <subfield code="0">https://lccn.loc.gov/n83056201 ,</subfield>
    <subfield code="e">مؤلف. </subfield>
    <subfield code="4">aut.</subfield>
  </datafield>
  <datafield tag="880" ind1="1" ind2="0">
    <subfield code="6">245-02/(3/r</subfield>
    <subfield code="a">حاشية العالم العلامة الحبر الفهامة من هو بكل وصف جميل حري مولانا الأستاذ الفاضل الشيخ محمد الخضري :</subfield>
    <subfield code="b">على شرح المحقق الجليل العلامة الهمام ابن عقيل على ألفية الإمام إبن مالك. وبالهامش  شرح ابن عقيل المذكور.</subfield>
  </datafield>
  <datafield tag="880" ind1=" " ind2=" ">
    <subfield code="6">250-04/(3/r</subfield>
    <subfield code="a">الطبعة السادسة.</subfield>
  </datafield>
  <datafield tag="880" ind1="1" ind2=" ">
    <subfield code="6">246-03/(3/r</subfield>
    <subfield code="a">حاشية الشيخ محمد الخضري على شرح المحقق ابن عقيل لألفية الإمام ابن مالك. وبالهامش شرح ابن عقيل المذكور</subfield>
  </datafield>
  <datafield tag="880" ind1=" " ind2="1">
    <subfield code="6">264-05/(3/r</subfield>
    <subfield code="a">مصر :</subfield>
    <subfield code="b">المطبعة الأزهرية،</subfield>
    <subfield code="c">1345 هـ. = 1926 م.</subfield>
  </datafield>
  <datafield tag="880" ind1=" " ind2=" ">
    <subfield code="6">300-06/(3/r</subfield>
    <subfield code="a">1 جزء ؛</subfield>
    <subfield code="c">27 سم</subfield>
  </datafield>
  <datafield tag="880" ind1="1" ind2="2">
    <subfield code="6">700-07/(3/r</subfield>
    <subfield code="a">ابن عقيل، عبد الله بن عبد الرحمن،</subfield>
    <subfield code="d">1294؟-1367.</subfield>
    <subfield code="t">شرح بن عقيل على ألفية إبن مالك.</subfield>
    <subfield code="0">https://lccn.loc.gov/n83056193</subfield>
  </datafield>
  <datafield tag="880" ind1="1" ind2="2">
    <subfield code="6">700-08/(3/r</subfield>
    <subfield code="a">ابن مالك، محمد بن عبد الله،</subfield>
    <subfield code="d">-1274.</subfield>
    <subfield code="t">الألفية في النحو.</subfield>
    <subfield code="0">https://lccn.loc.gov/n83056203</subfield>
  </datafield>
  <datafield tag="880" ind1="0" ind2="8">
    <subfield code="6">775-09/(3/r</subfield>
    <subfield code="i">دلالة على الطبعة</subfield>
    <subfield code="4">http://rdaregistry.info/Elements/m/P30133 :</subfield>
    <subfield code="a">الخضري، محمد، 1798-1870 او 1871.</subfield>
    <subfield code="t">حاشية العالم العلامة الحبر الفهامة من هو بكل وصف جميل حري مولانا الأستاذ الفاضل الشيخ محمد الخضري أفاض الله عليه سحائب رحماته وأعاد علينا وعلى المسلمين من صالح دعواته على شرح المحقق الجليل العلامة الهمام إبن عقيل على ألفية الإمام إبن مالك. وبالهامش الشرح المذكور.</subfield>
    <subfield code="d">مصر : المطبعة الميمنية، 1305 هـ. = 1887 م.</subfield>
    <subfield code="w">(LEAUB)b23465669</subfield>
  </datafield>
  <datafield tag="907" ind1=" " ind2=" ">
    <subfield code="a">.b12491962</subfield>
    <subfield code="b">20-02-11</subfield>
    <subfield code="c">11-05-24</subfield>
  </datafield>
  <datafield tag="907" ind1=" " ind2=" ">
    <subfield code="a">.b12491962</subfield>
    <subfield code="b">11-10-11</subfield>
    <subfield code="c">11-05-24</subfield>
  </datafield>
  <datafield tag="945" ind1=" " ind2=" ">
    <subfield code="f">J</subfield>
    <subfield code="a">492.75:K452hA:v.1-2</subfield>
    <subfield code="i">01027638</subfield>
    <subfield code="j">.i12985107</subfield>
    <subfield code="l">u0503</subfield>
  </datafield>
  <datafield tag="998" ind1=" " ind2=" ">
    <subfield code="a">u05</subfield>
    <subfield code="b">97-06-26</subfield>
    <subfield code="c">m</subfield>
    <subfield code="d">a  </subfield>
    <subfield code="e">-</subfield>
    <subfield code="f">ara</subfield>
    <subfield code="g">ua </subfield>
    <subfield code="h">0</subfield>
    <subfield code="i">1</subfield>
  </datafield>
</record>
</collection>
